@misc{hastings1992fast,
  title={Fast Detection of Memory Leaks and Access Errors. Winter 1992 USENIX Conference},
  author={Hastings, Reed and Joyce, Bob},
  year={1992},
  publisher={January}
}

@article{bush2000static,
  title={A static analyzer for finding dynamic programming errors},
  author={Bush, William R and Pincus, Jonathan D and Sielaff, David J},
  journal={Software: Practice and Experience},
  volume={30},
  number={7},
  pages={775--802},
  year={2000},
  publisher={Wiley Online Library}
}

@article{engler2003racerx,
  title={RacerX: effective, static detection of race conditions and deadlocks},
  author={Engler, Dawson and Ashcraft, Ken},
  journal={ACM SIGOPS operating systems review},
  volume={37},
  number={5},
  pages={237--252},
  year={2003},
  publisher={ACM New York, NY, USA}
}
%smell

@book{webster1995pitfalls,
  title={Pitfalls of object-oriented development},
  author={Webster, Bruce F},
  year={1995},
  publisher={M \& T Books}
}

@article{travassos1999detecting,
  title={Detecting defects in object-oriented designs: using reading techniques to increase software quality},
  author={Travassos, Guilherme and Shull, Forrest and Fredericks, Michael and Basili, Victor R},
  journal={ACM Sigplan Notices},
  volume={34},
  number={10},
  pages={47--56},
  year={1999},
  publisher={ACM New York, NY, USA}
}